1998 3346
680 141 773 210 {ff}
808 145 981 208 (τετὸ
1017 141 1226 223 iffi*

23 274 26 297 1
174 235 303 291 Nec
321 232 622 310 postremus
643 237 778 290 inter
805 231 1178 289 Illustrissimos
1206 232 1393 288 fratres
1422 246 1664 306 reputan-

0 332 1 338 ¹
27 335 29 365 :
59 309 158 368 dus
175 311 253 368 est
268 308 749 369 Excellentissimus
758 310 977 368 Comes
996 309 1395 366 ROMEDIUS
1416 308 1486 364 de
1497 306 1665 364 Thun

0 421 1 429 κ
59 388 480 466 singularissimus
500 391 623 446 artis
651 387 1142 446 Archi-teotonicae
1165 404 1401 450 amator,
1420 385 1487 442 ad
1518 387 1665 458 cujus

0 480 3 517 ἱ
27 521 29 534 2
56 468 367 524 notitiamin
380 466 668 523 excellenti
676 464 843 542 gradu
856 464 1238 542 acquirendam
1251 464 1448 540 insigne
1469 466 1499 518 a
1518 480 1665 519 natu-

0 575 2 581 ·
26 588 29 598 f
52 562 108 600 ra
129 543 353 618 adeptus
371 544 450 601 est
471 543 761 608 talentum,
783 543 927 600 unde
948 541 1077 601 illius
1101 545 1291 619 genius
1303 546 1354 598 in
1368 540 1666 596 formandis

27 631 29 634 '
54 619 557 696 elegantissimarum
568 619 887 678 fabricarum
907 621 1086 686 Idaeis,
1105 622 1238 677 mire
1259 617 1586 682 delcetatur,
1607 617 1666 675 &

51 701 104 754 in
122 698 370 755 eruendis
389 702 545 757 novis
565 699 970 756 inventionibus
989 702 1131 757 acies
1150 697 1281 755 illius
1302 698 1494 773 ingenii
1517 694 1666 771 pluri-

52 778 206 832 mum
220 774 413 833 elucet.
491 774 793 833 AEdificavit
803 776 889 835 ille
901 794 1091 854 praeter
1102 775 1574 853 splendidilsimam
1585 791 1665 828 to-

53 855 157 910 tius
169 853 340 930 Regni
350 853 870 931 BoemiaeCapellam
881 859 1156 932 potiorem
1163 855 1309 910 Arcis
1321 851 1664 909 Choltitzen-

53 930 117 988 fis
136 947 346 1007 partem
366 930 750 989 ordinatissima
780 933 1154 992 cubiculorum
1176 929 1517 1008 dispofitione
1538 946 1667 984 con-

51 1007 283 1084 spicuam
293 1047 310 1072 ,
321 1027 437 1084 quae
449 1011 518 1066 ita
529 1010 735 1087 legibus
747 1010 1153 1070 Archi-tediturae
1166 1011 1494 1085 congruit,ut
1507 1005 1668 1081 longa

23 1088 27 1141 ζ·
48 1082 411 1159 speculatione
431 1086 661 1145 Momus
687 1107 827 1158 opus
846 1089 1071 1154 habeat,
1098 1087 1393 1164 quaerendo
1414 1087 1467 1142 in
1487 1083 1568 1142 illa
1588 1082 1669 1140 ali-

39 1160 168 1238 quid
189 1201 207 1226 ,
228 1162 381 1238 quod
400 1162 554 1223 reae
573 1165 951 1242 reprehendat

24 211 25 215 ¹
60 212 168 228 bnt—n-
172 217 282 227 -υ-

169 1279 310 1337 Huic
329 1281 542 1340 fabricae
551 1283 839 1359 postquam
850 1282 1032 1340 ultima
1044 1298 1236 1339 manus
1248 1276 1310 1336 ad
1317 1278 1482 1336 ¹nibita
1492 1275 1671 1340 fuerit,

50 1358 349 1416 merebitur
370 1363 648 1438 praecipuis
664 1365 815 1439 regni
833 1362 1070 1418 Bo‘e'miae
1091 1360 1300 1417 arcibus
1319 1356 1672 1415 annumerari.

53 1437 182 1494 Nec
202 1438 477 1494 minorem
487 1439 733 1515 relinquit
753 1438 874 1497 serae
894 1439 1190 1516 posteritati
1209 1437 1450 1494 nominis
1471 1433 1540 1491 sui
1561 1450 1671 1491 me-

54 1516 288 1571 moriam
316 1514 463 1573 idem
482 1517 974 1575 Excellentissimus
984 1518 1260 1574 Dominus
1281 1510 1673 1575 Comes‚dum

50 1591 352 1649 delitiarum
366 1593 695 1652 hortensium
706 1594 757 1652 se
768 1613 990 1672 quoque
1011 1594 1210 1652 ostedit
1230 1589 1332 1649 effe
1354 1606 1675 1647 amatorem.
1736 1596 1739 1598 ’

52 1668 354 1730 Plantatum
366 1676 513 1730 enim
525 1675 552 1729 a
564 1674 854 1750 majoribus
867 1673 963 1731 suis
973 1691 1074 1750 pro
1086 1673 1250 1749 genio
1261 1669 1392 1726 illius
1412 1665 1602 1730 saeculi,
1613 1666 1674 1724 &

53 1748 233 1824 iniqua
252 1747 533 1808 fituatione
551 1751 660 1809 loci
689 1752 910 1809 hortum
934 1744 1524 1828 irregularissimum,ad
1545 1762 1675 1800 con-

52 1828 279 1883 cinnum
291 1828 496 1906 redegit
507 1830 779 1895 ordinem,
789 1830 847 1889 &
857 1847 970 1886 tam
990 1827 1204 1888 diversis
1223 1824 1604 1883 structurarum
1614 1821 1674 1880 &

58 1903 348 1963 statuarum
367 1907 643 1985 elegantiis
662 1910 944 1965 exornavit
962 1945 980 1970 ,
1006 1923 1067 1963 ut
1092 1906 1257 1981 longe
1285 1902 1512 1980 amplius
1528 1900 1676 1958 indu-

59 1982 240 2040 striam
264 1984 408 2041 suam
427 1986 486 2044 δι
502 1985 861 2044 inventiosum
887 1987 1164 2062 ingenium
1194 1980 1677 2041 demonstraverit,

64 2077 180 2117 tam
202 2062 333 2119 rude
353 2082 492 2140 opus
507 2062 860 2121 reformando
882 2102 899 2126 ,
926 2065 1090 2138 quam
1111 2060 1145 2117 si
1167 2059 1437 2119 novissimi
1458 2058 1602 2125 horti
1624 2073 1676 2111 e-

61 2137 212 2216 giffet
223 2140 586 2199 conditorem.
665 2143 732 2199 Et
750 2143 870 2219 quia
896 2140 1082 2198 fontes
1101 2142 1271 2197 vivaci
1291 2137 1418 2196 saltu
1435 2138 1488 2192 in
1508 2132 1677 2191 altum

60 2216 396 2294 prosilientes
414 2219 754 2279 hortenfibus
774 2218 1046 2278 strwstnris
1066 2221 1233 2276 vitam
1252 2211 1677 2293 quodammodo

65 2295 412 2372 inspirant‚ac
424 2297 818 2356 totumfloridae
838 2301 913 2355 rei
933 2316 1131 2374 corpus
1152 2294 1477 2353 animantzin
1497 2292 1679 2366 priore

64 2390 217 2450 parte
230 2374 373 2434 horti
385 2375 740 2454 spectantium
751 2376 923 2434 oculis
936 2375 985 2434 se
1002 2374 1162 2432 offert
1173 2372 1424 2451 grandior
1432 2368 1680 2432 cisterna,

70 2450 163 2509 sex
184 2456 417 2531 topiariis
435 2455 759 2531 cin6³ta‚quae
778 2454 1197 2533 limpidissimum
1217 2451 1435 2508 fontem
1455 2445 1522 2503 ad
1548 2464 1678 2502 con-

68 2528 303 2605 spicuam
313 2534 646 2591 altitudinem
659 2534 929 2609 ejaculata,
941 2535 968 2589 a
979 2530 1315 2589 redundante
1324 2543 1582 2603 aquarum
1593 2523 1679 2579 ab·

71 2608 324 2666 undantia
344 2614 647 2669 in-vicinam
669 2627 926 2670 trutarum
953 2614 1203 2690 piscinam
1231 2607 1281 2666 se
1311 2618 1607 2666 exonerat,
1634 2621 1681 2657 ειι

72 2689 194 2762 quis
214 2689 268 2744 in
287 2688 567 2747 utilitatem
589 2692 805 2768 piscium
822 2691 1174 2758 cedentibus:
1239 2687 1509 2744 Centrum
1537 2680 1682 2737 horti

74 2782 310 2842 occupat
321 2769 375 2824 in
387 2767 538 2824 edito
550 2768 800 2827 colliculo
810 2788 925 2827 non
937 2771 965 2824 a
976 2785 1160 2825 natura
1172 2763 1257 2821 sed
1274 2778 1385 2819 arte
1397 2757 1684 2836 congesto,

79 2844 780 2913 amoenissimumsolarium,
801 2846 1025 2908 ventulo
1046 2846 1361 2920 recentique
1382 2858 1516 2897 aurae
1538 2854 1607 2893 ex
1628 2853 1685 2919 οἵ

982 2925 1020 2983 Ρ
1032 2943 1067 3001 p
1086 2931 1116 2979 2
1572 2929 1685 2970 mm
