2107 3361
325 120 1427 207 -—--c-—ffl>—0(ffi-
1652 195 1943 207 ..ff-.-

326 208 502 262 minus
530 209 946 268 incitamentum
976 213 1105 270 mihi
1126 215 1192 272 ad
1228 211 1565 273 scribendum
1588 215 1790 271 addidit
1810 212 1943 270 Glo-

320 282 453 339 riosa
465 284 675 342 Familia
695 287 766 345 de
778 288 1029 364 THLIN,
1051 295 1198 367 cujus
1218 293 1501 370 specialem
1523 313 1646 371 erga
1668 311 1851 349 meam
1871 294 1941 348 in-

321 360 538 437 dignam
558 364 843 439 personam
861 367 1109 427 favorem
1123 408 1139 435 2
1159 374 1211 428 in
1224 370 1437 429 diverfis
1455 371 1590 429 locis
1603 371 1690 437 ,ὅτ
1709 370 1942 426 occafio-

320 441 478 496 nibus
490 459 743 517 expertus
757 444 867 501 lum
877 485 894 509 ,
906 466 1024 524 quae
1037 465 1163 505 cum
1177 449 1270 507 sub
1292 447 1498 527 speciali
1520 449 1684 507 saneti
1703 448 1942 505 ROME-

319 515 421 573 DII
431 518 738 578 Patrocinio
750 521 945 581 floreat
956 564 970 589 ,
985 525 1162 584 ansam
1174 528 1304 585 mihi
1326 527 1551 604 praebuit
1564 526 1768 603 ‚aliquo
1787 526 1943 603 grati-

320 595 516 653 tudinis
537 596 685 674 signo
707 599 1027 678 obligationi
1049 623 1187 662 meae
1208 605 1588 670 satisfaciendi3
1608 623 1710 660 nec
1731 603 1944 661 meliori

319 673 499 730 modo
520 691 773 751 poteram
792 719 808 744 ‚
837 682 1224 756 gratitudinem
1255 703 1439 740 meam
1468 682 1717 739 testatam
1739 681 1946 745 facere,

319 753 418 807 nisi
428 751 781 813 Illustrissimae
794 757 945 833 hujus
966 759 1184 819 Domus
1199 762 1443 819 Gloriam
1464 759 1599 838 stylo
1611 758 1943 835 Panegyrico

319 828 423 885 luci
436 831 659 905 publicae
672 835 1014 911 exponendo
1026 856 1043 906 3
1054 839 1203 914 quod
1216 841 1286 896 ita
1298 839 1540 916 praestare
1562 855 1793 894 conatus
1807 835 1915 892 sum
1926 873 1944 901 ‚

319 922 380 963 ut
392 907 580 967 Gloria
594 911 721 969 Thu
729 915 867 970 niani
879 913 1178 975 stemmatis
1189 957 1206 983 ‚
1223 936 1353 974 cum
1363 917 1551 975 Gloria
1571 917 1694 974 Divi
1706 913 1946 972 ROME-

319 984 450 1052 DII,
465 987 523 1046 &
541 989 803 1048 atstaillius
816 1030 831 1054 2
844 1011 972 1050 cum
985 995 1243 1070 praeclaris
1254 995 1604 1052 Thuniadum
1615 993 1945 1051 facinoribus

320 1063 738 1140 symbolizarent
754 1109 771 1134 ‚
793 1070 852 1128 δε
880 1072 1306 1147 quodammodo
1334 1074 1426 1131 fibi
1451 1076 1689 1133 invicem
1710 1070 1944 1127 cohaere-

323 1158 460 1199 rent.

445 1221 672 1281 Acribus
685 1227 880 1302 pariter
891 1227 1111 1286 stimulis
1132 1248 1224 1287 me
1247 1230 1523 1287 excitabat
1544 1226 1751 1286 erudita
1770 1226 1946 1283 bono-

321 1314 441 1355 rum
466 1301 784 1360 Amicorum
807 1307 1216 1382 importunitas,
1242 1311 1334 1383 qui
1354 1310 1595 1384 repetitis
1616 1305 1949 1363 exhortatio-

320 1376 479 1435 nibus
491 1397 643 1437 aures
664 1401 815 1439 meas
836 1384 1322 1451 obtundebant‚ut
1342 1385 1611 1443 calamum
1631 1386 1951 1461 arriperem,

321 1453 381 1511 &
392 1454 583 1533 stylum
595 1478 783 1518 meum
795 1460 1079 1519 scribendo
1092 1483 1411 1521 exercerem
1423 1504 1440 1529 ·,
1452 1466 1522 1521 ne
1535 1462 1707 1539 longo
1727 1460 1847 1517 otio
1868 1480 1948 1517 ru-

321 1531 562 1609 biginem
574 1539 959 1596 contrahendo
972 1541 1289 1597 hebesceret
1302 1542 1388 1605 ‚&
1399 1543 1539 1612 inter
1559 1543 1775 1614 antiqua
1795 1537 1950 1605 fetra-

320 1628 508 1670 menta
520 1615 902 1673 retruderetur.
981 1618 1081 1673 His
1113 1620 1371 1695 tantisper
1398 1635 1618 1674 morem
1638 1634 1828 1693 gerere
1846 1614 1949 1692 pla-

322 1692 461 1758 cuit;
480 1709 581 1766 pro
610 1693 802 1769 quibus
823 1696 988 1751 etiam
1009 1695 1364 1772 digressiones
1384 1695 1620 1753 morales
1641 1692 1950 1770 conscripsi:

323 1770 447 1825 utin
467 1769 561 1826 illis
581 1768 614 1826 fi
636 1790 752 1828 non
773 1771 1022 1831 subtilem
1038 1773 1378 1832 intelledffim
1392 1814 1409 1841 ,
1430 1773 1616 1833 saltem
1635 1773 1842 1829 bonam
1863 1791 1949 1849 pa-

320 1843 531 1904 scerent
542 1849 898 1908 voluntatem.
977 1851 1191 1924 Quodsi
1209 1868 1397 1910 tamen
1408 1852 1569 1910 avido
1581 1849 1951 1908 curiositatum

323 1922 552 1983 Lestori
564 1928 802 2004 undique
815 1948 932 1987 non
951 1928 1109 1987 fuerit
1130 1929 1576 1997 satisfad'tum‚ille
1596 1930 1841 1994 noverit,
1854 1945 1948 1984 me

323 2000 657 2080 frequentius
668 2009 810 2083 gravi
822 2007 1081 2066 sacrarum
1093 2008 1471 2067 sententiarum
1485 2009 1615 2074 ίόὶυ,
1625 2009 1808 2084 potius
1818 2025 1950 2063 con-

325 2078 569 2139 scientias
588 2101 872 2159 penetrare
885 2125 901 2150 ⁷
921 2089 1085 2163 quam
1103 2086 1315 2164 semper
1334 2085 1604 2144 subtilibus
1625 2087 1951 2161 argutiarum

324 2161 663 2218 acuminibus
674 2162 893 2221 volatile
913 2167 1193 2242 ingenium
1214 2164 1470 2222 Le&oris
1487 2162 1693 2221 titillare
1714 2163 1948 2221 voluiffe.

324 2236 466 2294 Non
478 2255 664 2296 tamen
679 2240 802 2298 huic
814 2241 1075 2320 opusculo
1088 2242 1157 2301 sui
1169 2243 1357 2301 desunt
1376 2241 1529 2306 sales,
1551 2259 1679 2299 narn
1699 2239 1851 2315 hujus
1870 2239 1949 2298 sae-

323 2315 428 2373 culi
440 2317 626 2373 Genio
638 2337 730 2375 me
742 2320 1420 2399 subindeaccommodavi⁷³
1430 2322 1522 2397 qui
1540 2338 1714 2377 omne
1725 2317 1777 2375 id
1798 2317 1950 2397 quod

322 2398 644 2469 argutiarum
667 2396 766 2455 sale
777 2416 927 2457 caret
945 2439 962 2465 ,
980 2399 1260 2478 infipidum
1280 2399 1338 2459 &
1357 2397 1593 2459 insulsum
1612 2413 1780 2477 putat.

452 2513 893 2595 Caeterumquod
906 2538 1091 2577 meam
1102 2517 1704 2578 scribendimethodum
1725 2517 1919 2574 attinet
1929 2554 1947 2580 ‚

325 2608 442 2647 non
465 2591 579 2650 sum
601 2595 818 2672 vestigia
838 2596 1051 2655 illorum
1080 2599 1396 2676 scriptorum
1420 2598 1759 2672 secutus,qui
1779 2598 1830 2652 in
1848 2594 1948 2650 suis

326 2668 788 2751 Historijsfingulis
800 2675 960 2732 rebus
981 2677 1040 2736 δε
1058 2679 1293 2752 minutijs
1314 2697 1345 2734 e
1425 2674 1669 2740 licandis„
1682 2690 1795 2730 tam
1815 2689 1947 2749 ope-

327 2749 453 2804 rose
470 2750 759 2820 inhaerent,
786 2771 846 2810 ut
865 2755 1093 2812 multum
1117 2695 1746 2831 Mercurlf'llabeannsed
1760 2767 1950 2828 parum

328 2825 590 2902 Apollinis
612 2849 629 2898 3
651 2830 710 2890 δε
734 2848 846 2890 tam
869 2832 1035 2892 inutili
1064 2832 1336 2910 diligentia
1368 2831 1482 2890 sunt
1502 2832 1784 2908 occupati,
1805 2825 1949 2960 qualsi

1830 2923 1898 2962 cu
1919 2923 1951 2962 1-
